@unpublished{kuko,
	author	=		"Jakub Kováč",
	title	=		"Vyhľadávacie stromy a ich vizualizácia",
	school	=		"Univerzita Komenského v Bratislave",
	year	=		"2007",
}

@article{shaffer,
 author = {Shaffer, Clifford A. and Cooper, Matthew L. and Alon, Alexander Joel D. and Akbar, Monika and Stewart, Michael and Ponce, Sean and Edwards, Stephen H.},
 title = {Algorithm Visualization: The State of the Field},
 journal = {Trans. Comput. Educ.},
 issue_date = {August 2010},
 volume = {10},
 issue = {3},
 month = {August},
 year = {2010},
 issn = {1946-6226},
 pages = {9:1--9:22},
 articleno = {9},
 numpages = {22},
 url = {http://doi.acm.org/10.1145/1821996.1821997},
 doi = {http://doi.acm.org/10.1145/1821996.1821997},
 acmid = {1821997},
 publisher = {ACM},
 address = {New York, NY, USA},
 keywords = {AlgoViz Wiki, Algorithm animation, algorithm visualization, community, data structure visualization, free and open source software},
} 

@inproceedings{saraiya,
 author = {Saraiya, Purvi and Shaffer, Clifford A. and McCrickard, D. Scott and North, Chris},
 title = {Effective features of algorithm visualizations},
 booktitle = {Proceedings of the 35th SIGCSE technical symposium on Computer science education},
 series = {SIGCSE '04},
 year = {2004},
 isbn = {1-58113-798-2},
 location = {Norfolk, Virginia, USA},
 pages = {382--386},
 numpages = {5},
 url = {http://doi.acm.org/10.1145/971300.971432},
 doi = {http://doi.acm.org/10.1145/971300.971432},
 acmid = {971432},
 publisher = {ACM},
 address = {New York, NY, USA},
 keywords = {algorithm visualization, courseware, heapsort},
} 

@article{Yao:1985:EPP:3674.3682,
 author = {Yao, Andrew C.},
 title = {On the expected performance of path compression algorithms},
 journal = {SIAM J. Comput.},
 issue_date = {Feb. 1985},
 volume = {14},
 issue = {1},
 month = {February},
 year = {1985},
 issn = {0097-5397},
 pages = {129--133},
 numpages = {5},
 url = {http://dx.doi.org/10.1137/0214010},
 doi = {http://dx.doi.org/10.1137/0214010},
 acmid = {3682},
 publisher = {Society for Industrial and Applied Mathematics},
 address = {Philadelphia, PA, USA},
} 

@article{Wu:2005,
 author = {Kesheng Wu, Ekow Otoo},
 title = {A Simpler Proof Of The Average Case Complexity Of Union-Find With Path Compression},
 year = {2005},
 address = {Lawrence Berkeley National Laboratory, Berkeley, CA, USA}
}

@online{wiki:uf,
 title = {Disjoint-set data structure},
 month = {január},
 year = {2012},
 howpublished = {\url{http://en.wikipedia.org/wiki/Union_find}}
}

@book{Aho:1974:DAC:578775,
 author = {Aho, Alfred V. and Hopcroft, John E.},
 title = {The  Design and Analysis of Computer Algorithms},
 year = {1974},
 isbn = {0201000296},
 edition = {1st},
 publisher = {Addison-Wesley Longman Publishing Co., Inc.},
 address = {Boston, MA, USA},
} 